
@article{planck_collaboration_planck_2016,
	title = {Planck 2015 results},
	volume = {594},
	url = {https://doi.org/10.1051/0004-6361/201525830},
	doi = {10/f9scmm},
	journaltitle = {A\&A},
	author = {{Planck Collaboration} and Ade, P. A. R. and Aghanim, N. and Arnaud, M. and Ashdown, M. and Aumont, J. and Baccigalupi, C. and Banday, A. J. and Barreiro, R. B. and Bartlett, J. G. and Bartolo, N. and Battaner, E. and Battye, R. and Benabed, K. and Benoît, A. and Benoit-Lévy, A. and Bernard, J.-P. and Bersanelli, M. and Bielewicz, P. and Bock, J. J. and Bonaldi, A. and Bonavera, L. and Bond, J. R. and Borrill, J. and Bouchet, F. R. and Boulanger, F. and Bucher, M. and Burigana, C. and Butler, R. C. and Calabrese, E. and Cardoso, J.-F. and Catalano, A. and Challinor, A. and Chamballu, A. and Chary, R.-R. and Chiang, H. C. and Chluba, J. and Christensen, P. R. and Church, S. and Clements, D. L. and Colombi, S. and Colombo, L. P. L. and Combet, C. and Coulais, A. and Crill, B. P. and Curto, A. and Cuttaia, F. and Danese, L. and Davies, R. D. and Davis, R. J. and de Bernardis, P. and de Rosa, A. and de Zotti, G. and Delabrouille, J. and Désert, F.-X. and Di Valentino, E. and Dickinson, C. and Diego, J. M. and Dolag, K. and Dole, H. and Donzelli, S. and Doré, O. and Douspis, M. and Ducout, A. and Dunkley, J. and Dupac, X. and Efstathiou, G. and Elsner, F. and Enßlin, T. A. and Eriksen, H. K. and Farhang, M. and Fergusson, J. and Finelli, F. and Forni, O. and Frailis, M. and Fraisse, A. A. and Franceschi, E. and Frejsel, A. and Galeotta, S. and Galli, S. and Ganga, K. and Gauthier, C. and Gerbino, M. and Ghosh, T. and Giard, M. and Giraud-Héraud, Y. and Giusarma, E. and Gjerløw, E. and González-Nuevo, J. and Górski, K. M. and Gratton, S. and Gregorio, A. and Gruppuso, A. and Gudmundsson, J. E. and Hamann, J. and Hansen, F. K. and Hanson, D. and Harrison, D. L. and Helou, G. and Henrot-Versillé, S. and Hernández-Monteagudo, C. and Herranz, D. and Hildebrandt, S. R. and Hivon, E. and Hobson, M. and Holmes, W. A. and Hornstrup, A. and Hovest, W. and Huang, Z. and Huffenberger, K. M. and Hurier, G. and Jaffe, A. H. and Jaffe, T. R. and Jones, W. C. and Juvela, M. and Keihänen, E. and Keskitalo, R. and Kisner, T. S. and Kneissl, R. and Knoche, J. and Knox, L. and Kunz, M. and Kurki-Suonio, H. and Lagache, G. and Lähteenmäki, A. and Lamarre, J.-M. and Lasenby, A. and Lattanzi, M. and Lawrence, C. R. and Leahy, J. P. and Leonardi, R. and Lesgourgues, J. and Levrier, F. and Lewis, A. and Liguori, M. and Lilje, P. B. and Linden-Vørnle, M. and López-Caniego, M. and Lubin, P. M. and Macías-Pérez, J. F. and Maggio, G. and Maino, D. and Mandolesi, N. and Mangilli, A. and Marchini, A. and Maris, M. and Martin, P. G. and Martinelli, M. and Martínez-González, E. and Masi, S. and Matarrese, S. and McGehee, P. and Meinhold, P. R. and Melchiorri, A. and Melin, J.-B. and Mendes, L. and Mennella, A. and Migliaccio, M. and Millea, M. and Mitra, S. and Miville-Deschênes, M.-A. and Moneti, A. and Montier, L. and Morgante, G. and Mortlock, D. and Moss, A. and Munshi, D. and Murphy, J. A. and Naselsky, P. and Nati, F. and Natoli, P. and Netterfield, C. B. and Nørgaard-Nielsen, H. U. and Noviello, F. and Novikov, D. and Novikov, I. and Oxborrow, C. A. and Paci, F. and Pagano, L. and Pajot, F. and Paladini, R. and Paoletti, D. and Partridge, B. and Pasian, F. and Patanchon, G. and Pearson, T. J. and Perdereau, O. and Perotto, L. and Perrotta, F. and Pettorino, V. and Piacentini, F. and Piat, M. and Pierpaoli, E. and Pietrobon, D. and Plaszczynski, S. and Pointecouteau, E. and Polenta, G. and Popa, L. and Pratt, G. W. and Prézeau, G. and Prunet, S. and Puget, J.-L. and Rachen, J. P. and Reach, W. T. and Rebolo, R. and Reinecke, M. and Remazeilles, M. and Renault, C. and Renzi, A. and Ristorcelli, I. and Rocha, G. and Rosset, C. and Rossetti, M. and Roudier, G. and Rouillé d’Orfeuil, B. and Rowan-Robinson, M. and Rubiño-Martín, J. A. and Rusholme, B. and Said, N. and Salvatelli, V. and Salvati, L. and Sandri, M. and Santos, D. and Savelainen, M. and Savini, G. and Scott, D. and Seiffert, M. D. and Serra, P. and Shellard, E. P. S. and Spencer, L. D. and Spinelli, M. and Stolyarov, V. and Stompor, R. and Sudiwala, R. and Sunyaev, R. and Sutton, D. and Suur-Uski, A.-S. and Sygnet, J.-F. and Tauber, J. A. and Terenzi, L. and Toffolatti, L. and Tomasi, M. and Tristram, M. and Trombetti, T. and Tucci, M. and Tuovinen, J. and Türler, M. and Umana, G. and Valenziano, L. and Valiviita, J. and Van Tent, F. and Vielva, P. and Villa, F. and Wade, L. A. and Wandelt, B. D. and Wehus, I. K. and White, M. and White, S. D. M. and Wilkinson, A. and Yvon, D. and Zacchei, A. and Zonca, A.},
	date = {2016},
	note = {00024}
}